<record><leader>00000cas a2200000 a 4500</leader><controlfield tag="001">31418198</controlfield><controlfield tag="008">941107d19561958cauwr ne      0    0eng c</controlfield><datafield ind1=" " ind2=" " tag="010"><subfield code="a">sn 94051741 </subfield></datafield><datafield ind1=" " ind2=" " tag="040"><subfield code="a">CNK</subfield><subfield code="b">eng</subfield><subfield code="c">CNK</subfield><subfield code="d">OCLCQ</subfield><subfield code="d">CNK</subfield><subfield code="d">OCLCQ</subfield><subfield code="d">OCLCF</subfield><subfield code="d">OCLCO</subfield></datafield><datafield ind1="1" ind2=" " tag="029"><subfield code="a">AU@</subfield><subfield code="b">000011357821</subfield></datafield><datafield ind1=" " ind2=" " tag="042"><subfield code="a">pcc</subfield></datafield><datafield ind1=" " ind2=" " tag="043"><subfield code="a">n-us-ca</subfield></datafield><datafield ind1="0" ind2=" " tag="130"><subfield code="a">Monte Vista tribune (Monte Vista, Calif.)</subfield></datafield><datafield ind1="1" ind2="4" tag="245"><subfield code="a">The Monte Vista tribune.</subfield></datafield><datafield ind1="1" ind2="3" tag="246"><subfield code="a">West End tribune</subfield><subfield code="f">Mar. 23-May 4, 1956</subfield></datafield><datafield ind1="1" ind2="7" tag="246"><subfield code="a">Montclair tribune</subfield><subfield code="f">July 10-17, 1958</subfield></datafield><datafield ind1=" " ind2=" " tag="260"><subfield code="a">Ontario (Monte Vista), Calif. :</subfield><subfield code="b">Ruth T. Seitz</subfield></datafield><datafield ind1=" " ind2=" " tag="300"><subfield code="a">v.</subfield></datafield><datafield ind1=" " ind2=" " tag="310"><subfield code="a">Weekly</subfield></datafield><datafield ind1="0" ind2=" " tag="362"><subfield code="a">Vol. 1, no. 46 (Mar. 23, 1956)-v. 4, no. 11 (July 17, 1958).</subfield></datafield><datafield ind1=" " ind2=" " tag="530"><subfield code="a">Master negatives are available for duplication from:</subfield><subfield code="b">California Newspaper Microfilm Archive;</subfield><subfield code="c">positive copies may be purchased by the reel; for further information consult the CNMA at:</subfield><subfield code="u">http://cbsr.ucr.edu</subfield></datafield><datafield ind1=" " ind2="0" tag="651"><subfield code="a">Montclair (Calif.)</subfield><subfield code="v">Newspapers.</subfield></datafield><datafield ind1=" " ind2="7" tag="655"><subfield code="a">Newspapers.</subfield><subfield code="2">fast</subfield><subfield code="0">(OCoLC)fst01423814</subfield></datafield><datafield ind1=" " ind2="7" tag="651"><subfield code="a">California</subfield><subfield code="z">Montclair.</subfield><subfield code="2">fast</subfield><subfield code="0">(OCoLC)fst01219035</subfield></datafield><datafield ind1=" " ind2=" " tag="752"><subfield code="a">United States</subfield><subfield code="b">California</subfield><subfield code="c">San Bernardino</subfield><subfield code="d">Montclair.</subfield></datafield><datafield ind1="0" ind2="0" tag="780"><subfield code="t">West End tribune</subfield><subfield code="w">(DLC)sn 94051736</subfield></datafield><datafield ind1="0" ind2="0" tag="785"><subfield code="t">Montclair tribune</subfield><subfield code="w">(DLC)sn 94051746</subfield></datafield></record>